%% This BibTeX bibliography file was created using BibDesk.
%% http://bibdesk.sourceforge.net/

%% Created for Dominic Culver at 2018-02-23 17:05:55 -0600 


%% Saved with string encoding Unicode (UTF-8) 


@ARTICLE{Sen17,
       author = {{Senger}, Andrew},
        title = "{The Brown-Peterson spectrum is not \$E\_\{2(p\^2+2)\}\$ at odd primes}",
      journal = {ArXiv e-prints},
     keywords = {Mathematics - Algebraic Topology, 55P43},
         year = 2017,
        month = Oct,
          eid = {arXiv:1710.09822},
        pages = {arXiv:1710.09822},
archivePrefix = {arXiv},
       eprint = {1710.09822},
 primaryClass = {math.AT},
       adsurl = {https://ui.adsabs.harvard.edu/#abs/2017arXiv171009822S},
      adsnote = {Provided by the SAO/NASA Astrophysics Data System}
}

@incollection{HN19,
 	author = "Lars Hesselholt, Thomas Nikolaus",
 	title = "Topological cyclic homology",
	chapter = chapter15,
 	booktitle = "Handbook of Homotopy Theory",
 	publisher = "CRC Press",
 	year = 2019,
 	doi = {10.1201/9781351251624-15},
 	URL = https://www.routledgehandbooks.com/doi/10.1201/9781351251624-15 
 }
 
 @article {BSS20,
    AUTHOR = {Basu, Samik and Sagave, Steffen and Schlichtkrull, Christian},
     TITLE = {G{ENERALIZED} {THOM} {SPECTRA} {AND} {THEIR} {TOPOLOGICAL}
              {HOCHSCHILD} {HOMOLOGY}},
   JOURNAL = {J. Inst. Math. Jussieu},
  FJOURNAL = {Journal of the Institute of Mathematics of Jussieu. JIMJ.
              Journal de l'Institut de Math\'{e}matiques de Jussieu},
    VOLUME = {19},
      YEAR = {2020},
    NUMBER = {1},
     PAGES = {21--64},
      ISSN = {1474-7480},
   MRCLASS = {55P43 (19D55 55P42)},
  MRNUMBER = {4045079},
       DOI = {10.1017/s1474748017000421},
       URL = {https://doi.org/10.1017/s1474748017000421},
}


@ARTICLE{Rog19,
       author = {{Rognes}, John},
        title = "{The circle action on topological Hochschild homology of complex cobordism and the Brown-Peterson spectrum}",
      journal = {arXiv e-prints},
     keywords = {Mathematics - Algebraic Topology, Mathematics - K-Theory and Homology},
         year = 2019,
        month = may,
          eid = {arXiv:1905.06698},
        pages = {arXiv:1905.06698},
archivePrefix = {arXiv},
       eprint = {1905.06698},
 primaryClass = {math.AT},
       adsurl = {https://ui.adsabs.harvard.edu/abs/2019arXiv190506698R},
      adsnote = {Provided by the SAO/NASA Astrophysics Data System}
}


@article {Law18,
    AUTHOR = {Lawson, Tyler},
     TITLE = {Secondary power operations and the {B}rown-{P}eterson spectrum
              at the prime 2},
   JOURNAL = {Ann. of Math. (2)},
  FJOURNAL = {Annals of Mathematics. Second Series},
    VOLUME = {188},
      YEAR = {2018},
    NUMBER = {2},
     PAGES = {513--576},
      ISSN = {0003-486X},
   MRCLASS = {55P43},
  MRNUMBER = {3862946},
       DOI = {10.4007/annals.2018.188.2.3},
       URL = {https://doi-org.proxy2.cl.msu.edu/10.4007/annals.2018.188.2.3},
}

@article {THH-May,
    AUTHOR = {Angelini-Knoll, Gabe and Salch, Andrew},
     TITLE = {A {M}ay-type spectral sequence for higher topological
              {H}ochschild homology},
   JOURNAL = {Algebr. Geom. Topol.},
  FJOURNAL = {Algebraic \& Geometric Topology},
    VOLUME = {18},
      YEAR = {2018},
    NUMBER = {5},
     PAGES = {2593--2660},
      ISSN = {1472-2747},
   MRCLASS = {18G30 (19D55 55P42 55T05)},
  MRNUMBER = {3848395},
       DOI = {10.2140/agt.2018.18.2593},
       URL = {https://doi-org-proxy2-cl-msu-edu.proxy1.cl.msu.edu/10.2140/agt.2018.18.2593},
}

@article{THHK1-local,
	Author = {Gabe Angelini-Knoll},
	Date-Added = {2018-02-23 19:10:20 +0000},
	Date-Modified = {2018-02-23 23:01:52 +0000},
	Eprint = {1612.00548},
	Month = {12},
	Title = {On topological {H}ochschild homology of the ${K}(1)$-local sphere},
	Url = {https://arxiv.org/abs/1612.00548},
	Year = {2016},
	Bdsk-Url-1 = {https://arxiv.org/abs/1612.00548}}


@unpublished{Bok85,
     Author ={Marcel B{\"o}kstedt},
     Title={The Topological Hochschild Homology of $\mathbb{Z}$ and $\mathbb{Z}/p$},
     Publisher={Universit{\"a}t Bielefeld, Fakult{\"a}t f{\"u}r Mathematik},
     Year = {1985},
}
 	 

@article{WeibelGeller,
	Abstract = {IfB is an {\'e}tale extension of ak-algebraA, we prove for Hochschild homology thatHH*(B){\^a}‰{\ldots}HH*(A){\^a}{\v S}---AB. For Galois descent with groupG there is a similar result for cyclic homology:HC*{\^a}‰{\ldots}HC*(B)G if {\$}{\$}{\backslash}mathbb{\{}Q{\}} {\backslash}subseteq A{\$}{\$} . In the process of proving these results we give a localization result for Hochschild homology without any flatness assumption. We then extend the definition of Hochschild homology to all schemes and show that Hochschild homology satisfies cohomological descent for the Zariski, Nisnevich and {\'e}tale topologies. We extend the definition of cyclic homology to finite-dimensional noetherian schemes and show that cyclic homology satisfies cohomological descent for the Zariski and Nisnevich topologies, as well as for the {\'e}tale topology overQ. Finally we apply these results to complete the computation of the algebraicK-theory of seminormal curves in characteristic zero.},
	Author = {Weibel, Charles A. and Geller, Susan C.},
	Date-Added = {2018-02-12 02:20:38 +0000},
	Date-Modified = {2018-02-12 02:20:49 +0000},
	Day = {01},
	Doi = {10.1007/BF02566656},
	Issn = {1420-8946},
	Journal = {Commentarii Mathematici Helvetici},
	Month = {Dec},
	Number = {1},
	Pages = {368--388},
	Title = {{\'E}tale descent for hochschild and cyclic homology},
	Url = {https://doi.org/10.1007/BF02566656},
	Volume = {66},
	Year = {1991},
	Bdsk-Url-1 = {https://doi.org/10.1007/BF02566656}}


@article {AR12,
    AUTHOR = {Ausoni, Christian and Rognes, John},
     TITLE = {Algebraic {$K$}-theory of the first {M}orava {$K$}-theory},
   JOURNAL = {J. Eur. Math. Soc. (JEMS)},
  FJOURNAL = {Journal of the European Mathematical Society (JEMS)},
    VOLUME = {14},
      YEAR = {2012},
    NUMBER = {4},
     PAGES = {1041--1079},
      ISSN = {1435-9855},
   MRCLASS = {19L20 (19D55 19L41)},
  MRNUMBER = {2928844},
MRREVIEWER = {Kyle M. Ormsby},
       DOI = {10.4171/JEMS/326},
       URL = {https://doi-org-proxy2-cl-msu-edu.proxy1.cl.msu.edu/10.4171/JEMS/326},
}


@article {AR02,
    AUTHOR = {Ausoni, Christian and Rognes, John},
     TITLE = {Algebraic {$K$}-theory of topological {$K$}-theory},
   JOURNAL = {Acta Math.},
  FJOURNAL = {Acta Mathematica},
    VOLUME = {188},
      YEAR = {2002},
    NUMBER = {1},
     PAGES = {1--39},
      ISSN = {0001-5962},
   MRCLASS = {19D55 (19L20)},
  MRNUMBER = {1947457},
MRREVIEWER = {Charles Weibel},
       DOI = {10.1007/BF02392794},
       URL = {https://doi-org.proxy2.cl.msu.edu/10.1007/BF02392794},
}

@ARTICLE{Hon18,
       author = {{H{\"o}ning}, Eva},
        title = "{On the Brun spectral sequence for topological Hochschild homology}",
      journal = {arXiv e-prints},
     keywords = {Mathematics - Algebraic Topology},
         year = 2018,
        month = aug,
          eid = {arXiv:1808.04586},
        pages = {arXiv:1808.04586},
archivePrefix = {arXiv},
       eprint = {1808.04586},
 primaryClass = {math.AT},
       adsurl = {https://ui.adsabs.harvard.edu/abs/2018arXiv180804586H},
      adsnote = {Provided by the SAO/NASA Astrophysics Data System}
}

@article{RAVENEL,
	Author = {Douglas C. Ravenel},
	Date-Added = {2018-01-18 00:37:48 +0000},
	Date-Modified = {2018-01-18 00:38:10 +0000},
	Doi = {https://doi.org/10.1016/0040-9383(76)90004-5},
	Issn = {0040-9383},
	Journal = {Topology},
	Number = {2},
	Pages = {149 - 153},
	Title = {The structure of ${BP*BP}$ modulo an invariant prime ideal},
	Url = {http://www.sciencedirect.com/science/article/pii/0040938376900045},
	Volume = {15},
	Year = {1976},
	Bdsk-Url-1 = {http://www.sciencedirect.com/science/article/pii/0040938376900045},
	Bdsk-Url-2 = {https://doi.org/10.1016/0040-9383(76)90004-5}}

@book{greenbook,
	Author = {Ravenel, Douglas C.},
	Date-Added = {2018-01-16 21:53:11 +0000},
	Date-Modified = {2018-01-16 21:53:44 +0000},
	Isbn = {0-12-583430-6; 0-12-583431-4},
	Mrclass = {55-02 (55Qxx 57-02)},
	Mrnumber = {860042},
	Mrreviewer = {Joseph Neisendorfer},
	Pages = {xx+413},
	Publisher = {Academic Press, Inc., Orlando, FL},
	Series = {Pure and Applied Mathematics},
	Title = {Complex cobordism and stable homotopy groups of spheres},
	Volume = {121},
	Year = {1986},
	Bdsk-Url-1 = {http://mathscinet.ams.org/mathscinet-getitem?mr=860042}}

@article {CM15,
    AUTHOR = {Chadwick, Steven Greg and Mandell, Michael A.},
     TITLE = {{$E_n$} genera},
   JOURNAL = {Geom. Topol.},
  FJOURNAL = {Geometry \& Topology},
    VOLUME = {19},
      YEAR = {2015},
    NUMBER = {6},
     PAGES = {3193--3232},
      ISSN = {1465-3060},
   MRCLASS = {55P43 (55N22)},
  MRNUMBER = {3447102},
MRREVIEWER = {Geoffrey M. L. Powell},
       DOI = {10.2140/gt.2015.19.3193},
       URL = {https://doi.org/10.2140/gt.2015.19.3193},
}

@book{EKMM,
	Address = {Providence, R.I.},
	Author = {A. Elmendorf and I. Kriz and M. Mandell and J.P. May},
	Date-Added = {2018-01-16 21:20:46 +0000},
	Date-Modified = {2018-01-16 21:22:50 +0000},
	Isbn = {0821806386},
	Journal = {Rings, modules, and algebras in stable homotopy theory /},
	Publisher = {American Mathematical Society},
	Series = {Mathematical Surveys and Monographs, no 47},
	Title = {Rings, modules, and algebras in stable homotopy theory},
	Year = {1997}}
	
@incollection {May70,
    AUTHOR = {May, J. Peter},
     TITLE = {A general algebraic approach to {S}teenrod operations},
 BOOKTITLE = {The {S}teenrod {A}lgebra and its {A}pplications ({P}roc.
              {C}onf. to {C}elebrate {N}. {E}. {S}teenrod's {S}ixtieth
              {B}irthday, {B}attelle {M}emorial {I}nst., {C}olumbus, {O}hio,
              1970)},
    SERIES = {Lecture Notes in Mathematics, Vol. 168},
     PAGES = {153--231},
 PUBLISHER = {Springer, Berlin},
      YEAR = {1970},
   MRCLASS = {55.34 (18.00)},
  MRNUMBER = {0281196},
MRREVIEWER = {W. D. Barcus},
}

@article{McClureStaffeldt,
	Author = {J. E. McClure and R. E. Staffeldt},
	Date-Added = {2018-01-11 22:46:40 +0000},
	Date-Modified = {2018-02-23 23:05:36 +0000},
	Issn = {00029327, 10806377},
	Journal = {American Journal of Mathematics},
	Number = {1},
	Pages = {1-45},
	Publisher = {Johns Hopkins University Press},
	Title = {On the Topological {H}ochschild Homology of $bu$, I},
	Url = {http://www.jstor.org/stable/2374721},
	Volume = {115},
	Year = {1993},
	Bdsk-Url-1 = {http://www.jstor.org/stable/2374721}}

@article{AngeltveitRognes,
	Author = {Vigleik Angeltveit and John Rognes},
	Date-Added = {2018-01-11 22:45:20 +0000},
	Date-Modified = {2018-02-23 23:04:25 +0000},
	Eprint = {math/0502195},
	Journal = {Algebr. Geom. Topol.},
	Pages = {1223-1290},
	Title = {Hopf algebra structure on topological {H}ochschild homology},
	Url = {https://arxiv.org/abs/math/0502195},
	Volume = {5},
	Year = {2005},
	Bdsk-Url-1 = {https://arxiv.org/abs/math/0502195}}

@article {AHL,
    AUTHOR = {Angeltveit, Vigleik and Hill, Michael A. and Lawson, Tyler},
     TITLE = {Topological {H}ochschild homology of {$\ell$} and {$ko$}},
   JOURNAL = {Amer. J. Math.},
  FJOURNAL = {American Journal of Mathematics},
    VOLUME = {132},
      YEAR = {2010},
    NUMBER = {2},
     PAGES = {297--330},
      ISSN = {0002-9327},
   MRCLASS = {19L41 (19D55 55N35 55P43)},
  MRNUMBER = {2654776},
MRREVIEWER = {Jerry Lodder},
       DOI = {10.1353/ajm.0.0105},
       URL = {https://doi.org/10.1353/ajm.0.0105},
}

@article {HillLawson,
    AUTHOR = {Hill, Michael and Lawson, Tyler},
     TITLE = {Automorphic forms and cohomology theories on {S}himura curves
              of small discriminant},
   JOURNAL = {Adv. Math.},
  FJOURNAL = {Advances in Mathematics},
    VOLUME = {225},
      YEAR = {2010},
    NUMBER = {2},
     PAGES = {1013--1045},
      ISSN = {0001-8708},
   MRCLASS = {55P43 (11F23 11G18 14G35 55P42)},
  MRNUMBER = {2671186},
MRREVIEWER = {Paul G. Goerss},
       DOI = {10.1016/j.aim.2010.03.009},
       URL = {https://doi.org/10.1016/j.aim.2010.03.009},
}

@article {HS98,
    AUTHOR = {Hopkins, Michael J. and Smith, Jeffrey H.},
     TITLE = {Nilpotence and stable homotopy theory. {II}},
   JOURNAL = {Ann. of Math. (2)},
  FJOURNAL = {Annals of Mathematics. Second Series},
    VOLUME = {148},
      YEAR = {1998},
    NUMBER = {1},
     PAGES = {1--49},
      ISSN = {0003-486X},
   MRCLASS = {55P42 (55N20 55Q10)},
  MRNUMBER = {1652975},
MRREVIEWER = {David A. Blanc},
       DOI = {10.2307/120991},
       URL = {https://doi-org-proxy2-cl-msu-edu.proxy1.cl.msu.edu/10.2307/120991},
}

@article {LawsonNaumann,
    AUTHOR = {Lawson, Tyler and Naumann, Niko},
     TITLE = {Commutativity conditions for truncated {B}rown-{P}eterson
              spectra of height 2},
   JOURNAL = {J. Topol.},
  FJOURNAL = {Journal of Topology},
    VOLUME = {5},
      YEAR = {2012},
    NUMBER = {1},
     PAGES = {137--168},
      ISSN = {1753-8416},
   MRCLASS = {55P42 (55N22 55N34 55P43)},
  MRNUMBER = {2897051},
MRREVIEWER = {Rui Miguel Saramago},
       DOI = {10.1112/jtopol/jtr030},
       URL = {https://doi.org/10.1112/jtopol/jtr030},
}


@misc{milneLEC,
	Author = {Milne, James S.},
	Date-Modified = {2018-02-23 23:05:55 +0000},
	Note = {Available at www.jmilne.org/math/},
	Pages = {202},
	Title = {Lectures on {E}tale {C}ohomology (v2.21)},
	Year = {2013}}




@book {BMMS86,
    AUTHOR = {Bruner, R. R. and May, J. P. and McClure, J. E. and
              Steinberger, M.},
     TITLE = {{$H_\infty $} ring spectra and their applications},
    SERIES = {Lecture Notes in Mathematics},
    VOLUME = {1176},
 PUBLISHER = {Springer-Verlag, Berlin},
      YEAR = {1986},
     PAGES = {viii+388},
      ISBN = {3-540-16434-0},
   MRCLASS = {55-02 (55P42 55Sxx)},
  MRNUMBER = {836132},
MRREVIEWER = {Haynes R. Miller},
       DOI = {10.1007/BFb0075405},
       URL = {https://doi-org-proxy2-cl-msu-edu.proxy1.cl.msu.edu/10.1007/BFb0075405},
}
