%% This BibTeX bibliography file was created using BibDesk.
%% http://bibdesk.sourceforge.net/

%% Created for Dominic Culver at 2018-02-23 17:05:55 -0600 


%% Saved with string encoding Unicode (UTF-8) 

 @ARTICLE{AKCH23,
       author = {{Angelini-Knoll}, Gabriel and {Culver}, Dominic Leon and {H{\"o}ning}, Eva},
        title = "{Topological Hochschild homology of truncated Brown-Peterson spectra I}",
      journal = {Algebr. Geom. Topol.},
     keywords = {Mathematics - Algebraic Topology, Mathematics - K-Theory and Homology, 55P42, 55P43, 55Q51, 55Q10, 16E40, 19D55, 55N22, 55T99},
         year = 2021,
        month = jun,
          eid = {arXiv:2106.06785},
        pages = {arXiv:2106.06785},
          doi = {10.48550/arXiv.2106.06785},
archivePrefix = {arXiv},
       eprint = {2106.06785},
 primaryClass = {math.AT},
       adsurl = {https://ui.adsabs.harvard.edu/abs/2021arXiv210606785A},
      adsnote = {Provided by the SAO/NASA Astrophysics Data System}
}



@Article{Del71,
 Author = {Deligne, Pierre},
 Title = {Th{\'e}orie de {Hodge}. {II}. ({Hodge} theory. {II})},
 FJournal = {Publications Math{\'e}matiques},
 Journal = {Publ. Math., Inst. Hautes {\'E}tud. Sci.},
 ISSN = {0073-8301},
 Volume = {40},
 Pages = {5--57},
 Year = {1971},
 Language = {French},
 DOI = {10.1007/BF02684692},
 Keywords = {14C30,32J25},
 zbMATH = {3348292},
 Zbl = {0219.14007}
}

@Article{DR18,
 Author = {Dundas, Bj{\o}rn Ian and Rognes, John},
 Title = {Cubical and cosimplicial descent},
 FJournal = {Journal of the London Mathematical Society. Second Series},
 Journal = {J. Lond. Math. Soc., II. Ser.},
 ISSN = {0024-6107},
 Volume = {98},
 Number = {2},
 Pages = {439--460},
 Year = {2018},
 Language = {English},
 DOI = {10.1112/jlms.12141},
 Keywords = {55P43,19D55},
 URL = {hdl.handle.net/1956/19292},
 zbMATH = {6963956},
 Zbl = {1403.55005}
 }
 



@Article{GIKR22,
 Author = {Gheorghe, Bogdan and Isaksen, Daniel C. and Krause, Achim and Ricka, Nicolas},
 Title = {{{\(\mathbb{C}\)}}-motivic modular forms},
 FJournal = {Journal of the European Mathematical Society (JEMS)},
 Journal = {J. Eur. Math. Soc. (JEMS)},
 ISSN = {1435-9855},
 Volume = {24},
 Number = {10},
 Pages = {3597--3628},
 Year = {2022},
 Language = {English},
 DOI = {10.4171/JEMS/1171},
 Keywords = {14F42,55N34,55S10,55Q45,55T15},
 zbMATH = {7547822},
 Zbl = {1498.14050}
}

@Article{HW22,
 Author = {Hahn, Jeremy and Wilson, Dylan},
 Title = {Redshift and multiplication for truncated {Brown}-{Peterson} spectra},
 FJournal = {Annals of Mathematics. Second Series},
 Journal = {Ann. Math. (2)},
 ISSN = {0003-486X},
 Volume = {196},
 Number = {3},
 Pages = {1277--1351},
 Year = {2022},
 Language = {English},
 DOI = {10.4007/annals.2022.196.3.6},
 Keywords = {55P43,19D55,18N70},
 zbMATH = {7611907}
}

@Article{Hon20,
 Author = {H{\"o}ning, Eva},
 Title = {On the {Brun} spectral sequence for topological {Hochschild} homology},
 FJournal = {Algebraic \& Geometric Topology},
 Journal = {Algebr. Geom. Topol.},
 ISSN = {1472-2747},
 Volume = {20},
 Number = {2},
 Pages = {817--863},
 Year = {2020},
 Language = {English},
 DOI = {10.2140/agt.2020.20.817},
 Keywords = {19D55,55P42,55T99},
 zbMATH = {7195377},
 Zbl = {1470.19001}
}
